@article{smyrlaki2020massive,
  title={Massive and rapid COVID-19 testing is feasible by extraction-free SARS-CoV-2 RT-PCR},
  author={Smyrlaki, Ioanna and Ekman, Martin and Lentini, Antonio and de Sousa, Nuno Rufino and Papanicolaou, Natali and Vondracek, Martin and Aarum, Johan and Safari, Hamzah and Muradrasoli, Shaman and Rothfuchs, Antonio Gigliotti and others},
  journal={Nature communications},
  volume={11},
  number={1},
  pages={1--12},
  year={2020},
  publisher={Nature Publishing Group}
}

@article{jang2020prognostic,
  title={Prognostic factors for severe coronavirus disease 2019 in Daegu, Korea},
  author={Jang, Jong Geol and Hur, Jian and Choi, Eun Young and Hong, Kyung Soo and Lee, Wonhwa and Ahn, June Hong},
  journal={Journal of Korean medical science},
  volume={35},
  number={23},
  year={2020},
  publisher={The Korean Academy of Medical Sciences}
}
